@online{bib:controls-in-frc,
  author = {Tyler Veness},
  title = {Controls Engineering in the FIRST Robotics Competition},
  url = {https://file.tavsys.net/control/controls-engineering-in-frc.pdf},
  year = {2021}
}
